<record><leader>00000cas a22000007a 4500</leader><controlfield tag="001">13392225</controlfield><controlfield tag="008">860404d18701872wvuwr ne      0    0eng d</controlfield><datafield ind1=" " ind2=" " tag="010"><subfield code="a">sn 86092438 </subfield></datafield><datafield ind1=" " ind2=" " tag="040"><subfield code="a">WVC</subfield><subfield code="b">eng</subfield><subfield code="c">WVC</subfield><subfield code="d">DLC</subfield><subfield code="d">OCL</subfield><subfield code="d">NVK</subfield><subfield code="d">OCLCF</subfield><subfield code="d">OCLCO</subfield></datafield><datafield ind1="1" ind2=" " tag="029"><subfield code="a">AU@</subfield><subfield code="b">000021385320</subfield></datafield><datafield ind1=" " ind2=" " tag="042"><subfield code="a">msc</subfield></datafield><datafield ind1="0" ind2=" " tag="130"><subfield code="a">Weekly times (Parkersburg, W.Va.)</subfield></datafield><datafield ind1="0" ind2="4" tag="245"><subfield code="a">The weekly times.</subfield></datafield><datafield ind1=" " ind2=" " tag="260"><subfield code="a">Parkersburg, W. Va. :</subfield><subfield code="b">The Times Printing Co.,</subfield><subfield code="c">1870-</subfield></datafield><datafield ind1=" " ind2=" " tag="300"><subfield code="a">v.</subfield></datafield><datafield ind1=" " ind2=" " tag="310"><subfield code="a">Weekly</subfield></datafield><datafield ind1="0" ind2=" " tag="362"><subfield code="a">Vol. 5, no. 34 (Apr. 14, 1870)-</subfield></datafield><datafield ind1="1" ind2=" " tag="362"><subfield code="a">Ceased in 1872?</subfield></datafield><datafield ind1=" " ind2=" " tag="530"><subfield code="a">Available on microfilm from U.M.I.</subfield></datafield><datafield ind1=" " ind2="0" tag="651"><subfield code="a">Parkersburg (W. Va.)</subfield><subfield code="v">Newspapers.</subfield></datafield><datafield ind1=" " ind2="7" tag="655"><subfield code="a">Newspapers.</subfield><subfield code="2">fast</subfield><subfield code="0">(OCoLC)fst01423814</subfield></datafield><datafield ind1=" " ind2="7" tag="651"><subfield code="a">West Virginia</subfield><subfield code="z">Parkersburg.</subfield><subfield code="2">fast</subfield><subfield code="0">(OCoLC)fst01214465</subfield></datafield><datafield ind1=" " ind2=" " tag="752"><subfield code="a">United States</subfield><subfield code="b">West Virginia</subfield><subfield code="c">Wood</subfield><subfield code="d">Parkersburg.</subfield></datafield><datafield ind1="1" ind2=" " tag="775"><subfield code="t">Daily times (Parkersburg, W.Va. : 1869)</subfield><subfield code="w">(DLC)sn 86092436</subfield></datafield><datafield ind1="0" ind2="0" tag="780"><subfield code="t">Weekly times and the Elizabeth gazette</subfield><subfield code="w">(DLC)sn 86092437</subfield></datafield><datafield ind1="0" ind2="7" tag="785"><subfield code="t">Parkersburg gazette (Parkersburg, W.Va. : 1868)</subfield><subfield code="w">(DLC)sn 84037902</subfield></datafield><datafield ind1="0" ind2="7" tag="785"><subfield code="t">Weekly times and gazette</subfield><subfield code="w">(DLC)sn 84026815</subfield></datafield></record>